@PROCEEDINGS{raymond:cathedral_bazaar_book,
  EDITOR      = "Tim O'Reilly",
  TITLE       = "{T}he {C}athedral and the {B}azaar -- {M}usings on {L}inux
                 and {O}pen {S}ource by an {A}ccidental {R}evolutionary",
  PUBLISHER   = "O'Reilly",
  ADDRESS     = "Sebastopol, CA",
  YEAR        = 1999,
  NOTE        = ""
}

 @article{lin1973,
    author  = {Shen Lin and Brian W. Kernighan},
    title   = {An Effective Heuristic Algorithm for the Travelling-Salesman Problem},
    journal = {Operations Research},
    volume  = {21},
    year    = {1973},
    pages   = {498--516},
}

@INPROCEEDINGS{raymond:history_of_hackerdom_inbook,
  AUTHOR       = "Raymond, Eric Steven",
  TITLE        = "{A} {B}rief {H}istory of {H}ackerdom",
  PAGES        = "7 -- 26",
  CROSSREF     = "raymond:cathedral_bazaar_book",
  NOTE         = ""
}

@MISC{stallman99:telepolis,
  AUTHOR       = "Stallman, Richard Matthew and Krempl, Stefan",
  TITLE        = "{S}oftware mu{\ss} frei sein!",
  YEAR         = "1999",
  HOWPUBLISHED = "Website",
  NOTE         = "Available online at
                  \url{http://www.heise.de/tp/deutsch/inhalt/te/2860/1.html};
                  visited on January 8th 2005."
}
